<record><leader>00000cas a22000007a 4500</leader><controlfield tag="001">18788134</controlfield><controlfield tag="008">881121d18681871pauwr ne      0    0eng d</controlfield><datafield ind1=" " ind2=" " tag="010"><subfield code="a">sn 88079549 </subfield></datafield><datafield ind1=" " ind2=" " tag="040"><subfield code="a">NPH</subfield><subfield code="b">eng</subfield><subfield code="c">NPH</subfield><subfield code="d">OCLCQ</subfield></datafield><datafield ind1=" " ind2=" " tag="042"><subfield code="a">msc</subfield></datafield><datafield ind1="0" ind2="4" tag="245"><subfield code="a">The Erie weekly republican.</subfield></datafield><datafield ind1=" " ind2=" " tag="260"><subfield code="a">Erie, Pa. :</subfield><subfield code="b">[Cag]ney, Curriden &amp; Butterfield</subfield></datafield><datafield ind1=" " ind2=" " tag="300"><subfield code="a">v. ;</subfield><subfield code="c">68 cm.</subfield></datafield><datafield ind1=" " ind2=" " tag="310"><subfield code="a">Weekly</subfield></datafield><datafield ind1="1" ind2=" " tag="362"><subfield code="a">Began in 1868; ceased in 1871?</subfield></datafield><datafield ind1=" " ind2=" " tag="588"><subfield code="a">Description based on: Vol. 1, no. 45 (Aug. 21, 1868).</subfield></datafield><datafield ind1=" " ind2=" " tag="752"><subfield code="a">United States</subfield><subfield code="b">Pennsylvania</subfield><subfield code="c">Erie</subfield><subfield code="d">Erie.</subfield></datafield><datafield ind1="0" ind2=" " tag="775"><subfield code="t">Erie daily republican</subfield><subfield code="w">(DLC)sn 88080792</subfield></datafield></record>